@book{CH49,
      author = "et al, Pelliccia D.",
      title = "Chapter 49 in Handbook of X‚ÄêRay Imaging: Physics and Technology",
      edition = "1",
      volume = "47",
      publisher = "CRC Press Taylor \& Francis Group",
      year = "2018"
      }

@book{Pags2006,
      author = "Paganin, D.",
      title = "Coherent X-Ray Optics",
      edition = "1",
      publisher = "Oxford University Press",
      doi = "10.1093/acprof:oso/9780198567288.001.0001",
      year = "2006"
      
}

@article{Beltran,
      author = "et al. Beltran M A",
      title = "2D and 3D x-ray phase retrieval of multi-material objects using a single defocus distance",
      journal = "Optical Express",
      volume = "18",
      number = "7",
      pages = "6423-6436",
      year = "2010",
      publisher = "OSA Publishing"
      }

@misc{PagsTutes,
      title={Tutorials on X-ray Phase Contrast Imaging: Some Fundamentals and Some Conjectures on Future Developments}, 
      author={Paganin, D.  and Pelliccia, D.},
      year={2019},
      eprint={1902.00364},
      archivePrefix={arXiv},
      primaryClass={eess.IV}
}

@website{Helmholtz,
      title = "Helmholtz equation",
      author = "the free encyclopedia, Wikipedia",
      url = "https://en.wikipedia.org/wiki/Helmholtz_equation",
      year = "2021"
}
