@book{Als-Nielsen,
      author = "J Als-Nielsen, and D McMorrow",
      title = "Elements of X-Ray physics",
      edition = "1",
      publisher = "John Wiley \& sons Ltd",
      doi = "10.1002/9781119998365",
      year = "2011"
      
}

@book{CH49,
      author = "et al., Pelliccia D",
      title = "Chapter 49 in Handbook of X‚ÄêRay Imaging: Physics and Technology",
      edition = "1",
      volume = "47",
      publisher = "CRC Press Taylor \& Francis Group",
      year = "2018"
}

@book{Pags2006,
      author = "D Paganin",
      title = "Coherent X-Ray Optics",
      edition = "1",
      publisher = "Oxford University Press",
      doi = "10.1093/acprof:oso/9780198567288.001.0001",
      year = "2006"    
}

@article{Beltran,
      author = "et al., Beltran M A",
      title = "2D and 3D x-ray phase retrieval of multi-material objects using a single defocus distance",
      journal = "Optical Express",
      volume = "18",
      number = "7",
      pages = "6423-6436",
      year = "2010",
      publisher = "OSA Publishing"
}

@misc{PagsTutes,
      title="Tutorials on X-ray Phase Contrast Imaging: Some Fundamentals and Some Conjectures on Future Developments", 
      author="Paganin, D  and Pelliccia, D",
      year="2019",
      eprint="1902.00364",
      archivePrefix="arXiv",
      primaryClass="eess.IV",
      url = "https://arxiv.org/abs/1902.00364v2",
      note = "[Online; accessed 25-July-2021]"

}


@article{Pags2002,
      author = "et al., Paganin D",
      title = "Simultaneous phase and amplitude extraction from a single defocused image of a homogeneous object",
      journal = "Journal of microscopy",
      volume = "206",
      number = "1",
      pages = "33-40",
      year = "2002"
}

@article{Specks,
      author = "et al., Kitchen M",
      title = "X-ray specks: low dose in vivo imaging of lung structure and function",
      journal = "Physics in medicine \& biology",
      volume = "60",
      publisher = "IOP Publishing",
      number = "18",
      pages = "7259--7276",
      year = "2015"
}


@article{Specks,
      author = "et al., Kitchen M",
      title = "X-ray specks: low dose in vivo imaging of lung structure and function",
      journal = "Physics in medicine \& biology",
      volume = "60",
      publisher = "IOP Publishing",
      number = "18",
      pages = "7259--7276",
      year = "2015"
}


@article{Chris,
author = "Billington C J",
title = "State-dependent forces in cold quantum gases",
year = "2019",
url = "https://bridges.monash.edu/articles/thesis/State-dependent_forces_in_cold_quantum_gases/7264406",
doi = "10.26180/5bd68acaf0696"
}


@article{Fornberg,
      author = "B Fornberg",
      title = "The pseudospectral method: Comparisons with finite differences for the elastic wave equation",
      journal = "GEOPHYSICS",
      volume = "52",
      issue = "4",
      doi = "10.1190/1.1442319",
      year = "1987"
}


@article{Gibbs,
  author = "GIBBS, J W",
  title = "Fourier's Series",
  journal = "Nature",
  volume = "59",
  issue = "1522",
  year = "1898",
  url = "https://doi.org/10.1038/059200b0",
  doi = "10.1038/059200b0",
  note = "[Online; accessed 14-September-2021]"
}

